<record xmlns:xsi="http://www.w3.org/2001/XMLSchema-instance" xmlns="http://www.loc.gov/MARC21/slim" xsi:schemaLocation="http://www.loc.gov/MARC21/slim http://www.loc.gov/standards/marcxml/schema/MARC21slim.xsd">

  <leader>00719nam a22001577a 4500</leader>
  <controlfield tag="008">160616b2014    cr ||||| |||| 00| | spa d</controlfield>
  <datafield ind1=" " ind2=" " tag="090">
    <subfield code="a">Tesis # 56</subfield>
  </datafield>
  <datafield ind1="1" ind2=" " tag="100">
    <subfield code="9">766</subfield>
    <subfield code="a">Cárdenas Leitón, Helvetia</subfield>
  </datafield>
  <datafield ind2="0" ind1="1" tag="245">
    <subfield code="a">Propuesta de lineamientos de la educación y atención integral para el desarrollo de la niñez menor de 3 años en Costa Rica /</subfield>
    <subfield code="c">Elbettia María Cárdenas Leitón</subfield>
  </datafield>
  <datafield ind1=" " ind2=" " tag="260">
    <subfield code="a">San José, Costa Rica : </subfield>
    <subfield code="b">H. Cárdenas Leitón, </subfield>
    <subfield code="c">2014</subfield>
  </datafield>
  <datafield tag="300" ind2=" " ind1=" ">
    <subfield code="a">336 páginas</subfield>
  </datafield>
  <datafield ind2=" " ind1=" " tag="502">
    <subfield code="a">Tesis (doctorado en Educación)--Universidad Estatal a Distancia. Sistema de Estudios de Posgrado. Escuela de Educación</subfield>
  </datafield>
  <datafield tag="650" ind2="4" ind1="1">
    <subfield code="9">723</subfield>
    <subfield code="a">DESARROLLO DEL NIÑO</subfield>
  </datafield>
  <datafield tag="650" ind1="1" ind2="4">
    <subfield code="9">1842</subfield>
    <subfield code="a">EDUCACIÓN DE LA PRIMERA INFANCIA</subfield>
  </datafield>
  <datafield tag="942" ind1=" " ind2=" ">
    <subfield code="2">z</subfield>
    <subfield code="c">02</subfield>
  </datafield>
  <datafield tag="999" ind2=" " ind1=" ">
    <subfield code="c">3253</subfield>
    <subfield code="d">3253</subfield>
  </datafield>
</record>